Encoding: Cp1252

@Article{sankaranarayanan1,
	author = {R. Sankaranarayanan, G. Kirkwood, R. Visweswariah and D. J. Fox},
	title = {How does Chronic Atrial Fibrillation Influence Mortality in the Modern Treatment Era?},
	journal = {Curr Cardiol Rev},
	year = {2015},
	volume = {11},
	number = {3},
	pages = {190-198},
}

@Article{bai1,
author = {W. Bai, W. Shi, C. Ledig, D. Rueckert},
title = {Multi-atlas segmentation with augmented features for cardiac MR images},
journal = {Med Image Anal.},
year = {2015},
volume = {19},
number = {1},
pages = {98-109},
}

@Article{gomez1,
	author = {C. Tobon-Gomez, A. J. Geers, J. Peters},
	title = {Benchmark for algorithms segmenting the left atrium from 3D CT and MRI datasets},
	journal = {IEEE Transactions on Medical Imaging},
	year = {2015},
}

@article{annAdvantages,
	author = {T. Hill, L. Marquez, M. O'Connor, W. Remus},
	title = {Artificial neural network models
	for forecasting and decision making },
	date = {1993},
	url = {http://machine-learning.martinsewell.com/ann/HMOR93.pdf},
}

@book{artificialIntelligenceModernApproach,
	author = {S. J. Russell, P. Norvig},
	title = {Artificial Intelligence. A Modern Approach},
	date = {1995},
	editor = {Prentice-Hall},
	publisher = {Alan Apt},
	location = {Englewood Cliffs, New Jersey 07632},
	isbn = {0-13-103805-2},
	pages = {567-583},
}

@article{dataSet,
	author = {D.F. Pace, A.V. Dalca, T. Geva, A.J. Powell, M.H. Moghari, P. Golland},
	title = { Interactive whole-heart segmentation in congenital heart disease},
	journaltitle = {Medical Image Computing and Computer Assisted Interventions},
	date = {2015},
	OPTsubtitle = {Lecture Notes in Computer Science},
	OPTnumber = {9351},
	pages = {80-88},
}


